@manual{TCU:2012,
	Address = {Brasília, Brasil},
	Org-Short = {TCU},
	Organization = {Tribunal de Contas da Uni\~ao},
	Title = {Guia de boas práticas em contratação de soluções de tecnologia da informação},
	Year = {2012},
}

@manual{Lei8666:1993,
	Org-Short = {BRASIL},
	Organization = {BRASIL},
	Title = {Lei nª 8.666/93, de 21 de Junho de 1993},
	Subtitle = {Regulamenta o art. 37, inciso XXI, da Constituição Federal, institui normas para licitações e contratos da Administração Pública e dá outras providências},
	Year = {1993},
}

@manual{IN04:2010,
	Org-Short = {BRASIL},
	Organization = {BRASIL},
	Title = {Instrução Normativa nº 04},
	Subtitle = {Dispõe sobre o processo de contratação de Soluções de Tecnologia da Informação pelos órgãos integrantes do Sistema de Administração dos Recursos de Informação e Informática (SISP) do Poder Executivo Federal},
	Year = {2010},
}

@manual{MPOG:2011,
	Address = {Brasília, Brasil},
	Org-Short = {MPOG},
	Organization = {Minist\'erio do Planejamento, OrÇamento e Gest\~ao},
	Title = {Guia Prático para Contratação de Soluções de Tecnologia da Informação},
	Year = {2011},
}

@book{cruz2011,
	Author = {C. S. Cruz and E. L. P. Andrade and R. M. C. Figueiredo},
	Title = {Processo de Contratação de Serviços de Tecnologia da Informação para Organizações Públicas},
	Year = {2011},
}

@book{costa2010, 	
	Author = {R. S. Costa e G.M. Jardim},
	Title = {Os Cinco Passos do Pensamento Enxuto},
	Year = {2010},
}

@book{katayama2010,
	Author = {E.T. Katayama},
	Title = {A contribuição da indústria da manufatura no desenvolvimento de software},
	Year = {2010},
}

@book{ikonen2011,
	Author = {M. Ikonen},
	Title = {Lean Thinking in Software Development: Impacts of Kanban on Projects},
	Year = {2011},
}

@book{rodrigues2012, 
	Author = {M. J. F. Rodrigues},
	Title = {Implementação de práticas Lean numa linha de produção eletrónica},
	Year = {2012},
}

@book{klipp,
	Author = {P. Klipp}, 
	Title = {Getting Started with Kanban},
	Year = {2011},
}

@book{kniberg2009,
	Author = {H. Kniberg and M. Skarin}, 
	Title = {Kanban e Scrum obtendo o melhor de ambos},
	Year = {2009},
}

@book{bell2011,
	Author = {S. C. Bell and M. A. Orzen}, 
	Title = {Lean IT Enabling and Sustaining your Lean Transformation},
	Year = {2011},
}

@book{hibbs2009, 
	Author = {C. Hibbs and S. Jewett and M. Sullivan},
	Title = {The Art of Lean Software Development},
	Year = {2009},
}

@book{liker, 
	Author = {J. M. Morgan and J. K. Liker},
	Title = {The Toyota product development system: integrating people, process, and technology},
	Year = {2006},
}

@book{poppendieck, 
	Author = {Mary Poppendieck and Tom Poppendieck},
	Title = {Implementando o Desenvolvimento Lean de Software},
	Subtitle = {Do Conceito ao Dinheiro},
	Year = {2011},
}

@onlinel{leaninstitute, 
	Organization = {Lean Institute Brasil},
	 url = {http://www.lean.org.br/o_que_e.aspx},
	Year = {2013},
}

@image{ranking, 
	Author = {P. Guedes},
	title = {A gestão Lean de equipas informáticas}
	Year = {2012},
}

@online{kanbanindustria,
	Author = {S. Williams},
	url = {http://wheels.blogs.nytimes.com/2009/09/04/toyota-quality-control-includes-greensleeves-and-popeye/?_r=1}, 
	Year = {2009},
}

@online{kanban,
	Author = {K. Jenses},
	 url = {http://ketiljensen.wordpress.com/2009/10/31/kanban-the-next-step-in-the-agile-evolution/},
	Year = {2009},
}

@book{filho, 
	Author = {D. L. B. Filho},
	Title = {Experiências com desenvolvimento ágil},
	Year = {2008},
}

@book{jeff, 
	Author = {J. Sutherland's},
	Title = {Scrum Handbook},
	Year = {2010},
}

@book{nonaka, 
	Author = {I. Nonaka and H. Takeuchi},
	Title = { The Knowledge Creating Company: How Japanese Companies Create the Dynamics of Innovation},
	Year = {1995},
}

@online{scrumprocess,
	Author = {C. Bird},
	 url = {http://consultingblogs.emc.com/colinbird/archive/2006/03/10/3058.aspx},
	Year = {2006},
}





@online{mcti,
	Org-Short = {MPOG},
	Organization = {Minist\'erio do Planejamento, OrÇamento e Gest\~ao},
	 url = {http://arquivo.governoeletronico.gov.br/mcti/index.htm},
	Year = {2013},
}


@online{ruas,
	Author = {F. Ruas and W. Vaz},
	 url = {http://www.slideshare.net/faruas/apresentacao-agile-brazil-2013},
	Year = {2013},
}



@online{manifesto,
	Author = {Ward Cunningham},
	 url = {http://agilemanifesto.org},
	Year = {2001},
}

@manual{IPHAN:2013,
	Address = {Brasília, Brasil},
	Org-Short = {IPHAN},
	Organization = {Instituto do PatrimÔnio HistÓrico e ArtÍstico Nacional},
	Title = {Metodologia IPHAN de Gestão de Demandas de Desenvolvimento Ágil de Softwares},
	Year = {2013},
}


@book{porto, 
	Author = {C. Pereira and C. Sousa},
	Title = { Metodologias de Desenvolvimeto de SW - Metodologias "Ágeis"},
	Year = {2011},
}

@online{sistemas,
	Author = {E. Vieira and G. Schuelter and V. Kern and J.Alves},
	Title = {A Teoria Geral de Sistemas, Gestão do Conhecimento e Educação a Distância},
	 url = {http://www.redalyc.org/articulo.oa?id=273520153003},
	Year = {2005},
}

@online{complexidade,
	Author = {O. Lima and W. Silva},
	 url = {http://www2.ufersa.edu.br/portal/view/uploads/setores/241/texto%203.pdf},
	Year = {2003},
}

@manual{TCU:2013,
	Address = {Brasília, Brasil},
	Org-Short = {TCU},
	Organization = {Tribunal de Contas da Uni\~ao},
	Title = {Acórdão nº  2314},
	Year = {2013},
}

@book{administracao, 
	Author = {B. L. F. Saldanha},
	Title = { O Gerenciamento e suas origens},
	Year = {2005},
}

@book{RTMAC, 
	Author = {C. Melo and V. A. Santos and H. Corbucci and E. Katayama and A. Goldman and F. Kon},
	Title = { Métodos ágeis no Brasil: estado da prática em times e organizações},
	Year = {2012},
}

@book{ken, 
	Author = {K. Schwaber},
	Title = { Scrum Development Process},
	Year = {1996},
}

@book{jim, 
	Author = {J. Highsmith},
	Title = {Agile Software Development Ecosystems},
	Year = {2002},
}



@book{Jones91,
  title = {{Applied Software Measurement: Assuring Productivity and Quality}},
  publisher = {McGraw-Hill},
  year = {1991},
  author = {T. C. Jones},
  address = {New York}
}


@ARTICLE{McCabe76,
  author = {T. J. McCabe},
  title = {{A Complexity Measure}},
  journal = {IEEE Transactions Software Engineering},
  year = {1976},
  volume = {2},
  pages = {308-320},
  number = {4},
  month = {December}
}


@phdthesis{Meirelles2013,
Author = {Paulo Roberto Miranda Meirelles},
Title = {Monitoramento de métricas de código-fonte em projetos de software livre},
School = {Instituto de Matemática e Estátistica  -- Universidade de São Paulo (IME/USP)},
Year = {2013},
}

@ARTICLE{McCabe94,
  author = {T. J. McCabe and L. A. Dreyer and A. H. Watson},
  title = {{Testing An Object-Oriented Application}},
  journal = {Journal of the Quality Assurance Institute},
  year = {1994},
  volume = {8},
  pages = {21-27},
  number = {4},
  month = {October}
}

@misc{Basili1987,
author = {Basili, Victor R. and Rombach, H. Dieter},
file = {::},
keywords = {Integrated Software Engineering Environment (ISEE),TAME,management control,measurement principles,software engineering processes},
language = {en\_US},
month = jun,
title = {{TAME: Integrating Measurement into Software Environments}},
url = {http://drum.lib.umd.edu//handle/1903/7517},
year = {1987}
}

@ARTICLE{Chidamber94,
  author = {S. R. Chidamber and C. F. Kemerer},
  title = {{A Metrics Suite for Object-Oriented Design}},
  journal = {IEEE Transactions on Software Engineering},
  year = {1994},
  volume = {20},
  pages = {476-493},
  number = {6}
}


@CONFERENCE{Shih97,
  author = {T.K. Shih and Chi-Ming Chung and Chun-Chia Wang and W.C. Pai},
  title = {{Decomposition of Inheritance Hierarchy DAGs for Object-Oriented Software	Metrics}},
  booktitle = {{Workshop on Engineering of Computer-Based Systems (ECBS 97)}},
  year = {1997},
  pages = {238}
}

@INPROCEEDINGS{LCOM4,
  author = {M. Hitz and B. Montazeri},
  title = {{Measuring Coupling and Cohesion in Object-Oriented Systems}},
  booktitle = {{Proceedings of International Symposium on Applied Corporate Computing}},
  year = {1995},
  journal = {Int. Symposium on Applied Corporate Computing}
}

@ARTICLE{Rosenberg97,
  author = {L. H. Rosenberg and L. E. Hyatt},
  title = {{Software Quality Metrics for Object-Oriented Environments}},
  journal = {Crosstalk - the Journal of Defense Software Engineering},
  year = {1997},
  volume = {10}
}

@BOOK{Lorenz94,
  title = {{Object-Oriented Software Metrics}},
  publisher = {Prentice Hall},
  year = {1994},
  author = {M. Lorenz and J. Kidd}
}

@book{beck1997smalltalk,
  title={Smalltalk Best Practice Patterns. Volume 1: Coding},
  author={Beck, Kent},
  year={1997},
  publisher={Prentice Hall, Englewood Cliffs, NJ}
}

@ARTICLE{Sharble93,
  author = {R. Sharble and S. Cohen},
  title = {{The Object-Oriented Brewery: A Comparison of Two Object-Oriented Development Methods}},
  journal = {Software Engineering Notes},
  year = {1993},
  volume = {18},
  pages = {60-73},
  number = {2}
}


@ARTICLE{baufaker,
  author = {G.B. Rêgo},
  title = {{Monitoramento de Métricas de Código-Fonte com suporte de um ambiente de Data Warehousing}},
  year = {2014}
}

@ARTICLE{gqm,
  author = {V. R. Basili and H. D. Rombach},
  title = {{Goal Question Metric Paradigm}},
  year = {1994}
}

@BOOK{yin,
  title = {{Estudo de Caso - Planejamento e Métodos}},
  year = {2010},
  author = {R. K. Yin}
}

@techreport{ISO25023,
    author = {{ISO/IEC 25023}},
    institution = {International Organization for Standardization and International Electrotechnical Commission},
    number = {25023},
    title = {{ISO/IEC} 25023: Systems and software engineering - Systems and software Quality Requirements and Evaluation (SQuaRE) - Measurement  of system and software product quality},
    type = {International Standard},
    year = {2011}
}
